@book{maalouf2009dereglement,
	author = {Maalouf, Amin},
	publisher = {Grasset},
	title = {Le d{\'e}r{\`e}glement du monde},
	x-fetchedfrom = {Google Scholar},
	year = {2009}
}

@book{mausfeld_warum_2018,
	abstract = {In den vergangenen Jahrzehnten wurde die Demokratie in einer beispiellosen Weise ausgeh{\"o}hlt. Demokratie wurde durch die Illusion von Demokratie ersetzt, die freie {\"o}ffentliche Debatte durch ein Meinungs- und Emp{\"o}rungsmanagement, das Leitideal des m{\"u}ndigen B{\"u}rgers durch das des politisch apathischen Konsumenten. Wahlen spielen mittlerweile f{\"u}r grundlegende politische Fragen praktisch keine Rolle mehr. Die wichtigen politischen Entscheidungen werden von politisch-{\"o}konomischen Gruppierungen getroffen, die weder demokratisch legitimiert noch demokratisch rechenschaftspflichtig sind. Die destruktiven {\"o}kologischen, sozialen und psychischen Folgen dieser Form der Elitenherrschaft bedrohen immer mehr unsere Gesellschaft und unsere Lebensgrundlagen. Rainer Mausfeld deckt die Systematik dieser Indoktrination auf, zeigt dabei auch ihre historischen Konstanten und macht uns sensibel f{\"u}r die vielf{\"a}ltigen psychologischen Beeinflussungsmethoden.},
	added-at = {2018-12-02T21:21:48.000+0100},
	address = {Frankfurt/Main},
	author = {Mausfeld, Rainer},
	biburl = {https://www.bibsonomy.org/bibtex/2fe7d37b1aa42a07b6219cf02600ccac6/lepsky},
	edition = 3,
	interhash = {20e950a66c34d532fe12a3c8883c4160},
	intrahash = {fe7d37b1aa42a07b6219cf02600ccac6},
	isbn = {978-3-86489-225-7},
	keywords = {politik},
	language = {Deutsch},
	month = oct,
	publisher = {Westend Verlag},
	shorttitle = {Warum schweigen die {L{\"a}mmer}?},
	timestamp = {2018-12-02T21:21:48.000+0100},
	title = {Warum schweigen die {L{\"a}mmer}? : wie {Elitendemokratie} und {Neoliberalismus} unsere {Gesellschaft} und unsere {Lebensgrundlagen} zerst{\"o}ren},
	x-fetchedfrom = {Bibsonomy},
	year = 2018
}

@book{ganser2016illegale,
	author = {Ganser, Daniele},
	publisher = {Orell F{\"u}ssli Verlag},
	title = {Illegale Kriege: Wie die NATO-L{\"a}nder die UNO sabotieren. Eine Chronik von Kuba bis Syrien},
	x-fetchedfrom = {Google Scholar},
	year = {2016}
}

@book{ganser2014nato,
	author = {Ganser, Daniele and Roth, Carsten},
	publisher = {orell f{\"u}ssli Verlag},
	title = {NATO-Geheimarmeen in Europa: inszenierter Terror und verdeckte Kriegsf{\"u}hrung},
	x-fetchedfrom = {Google Scholar},
	year = {2014}
}

@article{ganser2012europa,
	author = {Ganser, Daniele},
	journal = {Die Folgen einer gef{\"a}hrlichen Abh{\"a}ngigkeit. Z{\"u}rich: Orell F{\"u}ssli},
	title = {Europa im Erd{\"o}lrausch},
	x-fetchedfrom = {Google Scholar},
	year = {2012}
}

@book{maalouf2009dereglement_2,
	author = {Maalouf, Amin},
	publisher = {Grasset},
	title = {Le d{\'e}r{\`e}glement du monde},
	x-fetchedfrom = {Google Scholar},
	year = {2009}
}

